<?xml version="1.0" encoding="UTF-8"?><record xmlns="http://www.loc.gov/MARC21/slim" xmlns:cinclude="http://apache.org/cocoon/include/1.0" xmlns:zs="http://www.loc.gov/zing/srw/">
  <leader>00786cz  a2200193n  4500</leader>
  <controlfield tag="001">n  79145883 </controlfield>
  <controlfield tag="003">DLC</controlfield>
  <controlfield tag="005">20080315074829.0</controlfield>
  <controlfield tag="008">800226n| acannaabn          |a ana      </controlfield>
  <datafield tag="010" ind1=" " ind2=" ">
    <subfield code="a">n  79145883 </subfield>
  </datafield>
  <datafield tag="035" ind1=" " ind2=" ">
    <subfield code="a">(OCoLC)oca00377013</subfield>
  </datafield>
  <datafield tag="040" ind1=" " ind2=" ">
    <subfield code="a">DLC</subfield>
    <subfield code="b">eng</subfield>
    <subfield code="c">DLC</subfield>
    <subfield code="d">UtPvBYMW</subfield>
    <subfield code="d">U</subfield>
  </datafield>
  <datafield tag="110" ind1="1" ind2=" ">
    <subfield code="a">Utah.</subfield>
    <subfield code="b">Supreme Court</subfield>
  </datafield>
  <datafield tag="510" ind1="1" ind2=" ">
    <subfield code="w">a</subfield>
    <subfield code="a">Utah.</subfield>
    <subfield code="b">Supreme Court of the Territory</subfield>
  </datafield>
  <datafield tag="667" ind1=" " ind2=" ">
    <subfield code="a">AACR 1 form: Utah. Supreme Court</subfield>
  </datafield>
  <datafield tag="670" ind1=" " ind2=" ">
    <subfield code="a">Utah state of the judiciary address, 1991:</subfield>
    <subfield code="b">t.p. (Utah Supreme Court) p. 4 (the Supreme Court's)</subfield>
  </datafield>
  <datafield tag="670" ind1=" " ind2=" ">
    <subfield code="a">Utah State Courts, know your courts, via WWW, Oct. 23, 2002</subfield>
    <subfield code="b">(Utah Supreme Court; Supreme Court)</subfield>
  </datafield>
  <datafield tag="670" ind1=" " ind2=" ">
    <subfield code="a">OCLC, Oct. 23, 2002</subfield>
    <subfield code="b">(hdg.: Utah. Supreme Court)</subfield>
  </datafield>
  <datafield tag="675" ind1=" " ind2=" ">
    <subfield code="a">Reports of cases determined in the Supreme Court of the Territory of Utah, 1877</subfield>
  </datafield>
</record>